00569cas a22002291a 4500
001 9917737453502836
003 Nz
005 20161223172952.0
008 031222c19819999nz  r ne      0   0 eng d
035    $a (Nz)8138636
035    $a (OCoLC)947774450
035    $a (NLNZils)1773745
035    $a (NLNZils)1773745-ilsdb
040    $a WN $c WN
042    $a nznb
043    $a u-nz---
245 00 $a Egmont star weekender.
260    $a Hawera [N.Z.]
310    $a Weekly
362 0  $a 1981 Mar.13?-
651  0 $a Hawera (N.Z.) $v Newspapers.
655  7 $a New Zealand newspapers. $2 local $5 Nz
